<collection xmlns="http://www.loc.gov/MARC21/slim"><record><leader>00858nam  2200241   450</leader><controlfield tag="001">111</controlfield><controlfield tag="003">http://montalegre.opacnet.com/OPAC/default.aspx?ContentAreaControl=ShowRegHoldings.ascx&amp;RegNo=16662</controlfield><controlfield tag="005">19</controlfield><datafield tag="095" ind1=" " ind2=" "><subfield code="a">PTBN00030899</subfield></datafield><datafield tag="100" ind1=" " ind2=" "><subfield code="a">20061013d1981    m  y0pory0103    ba</subfield></datafield><datafield tag="101" ind1="1" ind2=" "><subfield code="a">por</subfield><subfield code="c">spa</subfield></datafield><datafield tag="102" ind1=" " ind2=" "><subfield code="a">PT</subfield></datafield><datafield tag="200" ind1="1" ind2=" "><subfield code="a">&lt;O &gt;relatório de Brodie</subfield><subfield code="f">Jorge Luís Borges</subfield><subfield code="g">trad. e pref. António Alçada Baptista</subfield></datafield><datafield tag="205" ind1=" " ind2=" "><subfield code="a">2ª ed</subfield></datafield><datafield tag="210" ind1=" " ind2=" "><subfield code="a">Amadora</subfield><subfield code="c">Bertrand</subfield><subfield code="d">imp. 1981</subfield></datafield><datafield tag="215" ind1=" " ind2=" "><subfield code="a">143, [4] p.</subfield><subfield code="d">20 cm</subfield></datafield><datafield tag="225" ind1="2" ind2=" "><subfield code="a">Autores universais</subfield></datafield><datafield tag="304" ind1=" " ind2=" "><subfield code="a">Tít. orig. El informe de Brodie</subfield></datafield><datafield tag="675" ind1=" " ind2=" "><subfield code="a">821821.134.2(7/8)</subfield><subfield code="v">BN</subfield><subfield code="z">por</subfield><subfield code="3">291171</subfield></datafield><datafield tag="700" ind1=" " ind2="1"><subfield code="a">Borges</subfield><subfield code="b">Jorge Luís</subfield><subfield code="f">1899-1986</subfield><subfield code="3">15085</subfield></datafield><datafield tag="702" ind1=" " ind2="1"><subfield code="a">Baptista</subfield><subfield code="b">António Alçada</subfield><subfield code="f">1927</subfield><subfield code="4">730</subfield><subfield code="4">080</subfield><subfield code="3">6544</subfield></datafield><datafield tag="801" ind1=" " ind2="0"><subfield code="a">PT</subfield><subfield code="b">Biblioteca Municipal de Montalegre</subfield><subfield code="g">RPC</subfield></datafield><datafield tag="856" ind1=" " ind2=" "><subfield code="u">locateMedia.asp?cod=20060509100248&amp;ext=jpg</subfield><subfield code="z">CAPA</subfield></datafield><datafield tag="909" ind1="&#9;" ind2=" "><subfield code="a">1</subfield></datafield><datafield tag="966" ind1=" " ind2=" "><subfield code="a">0008352</subfield><subfield code="l">BMM</subfield><subfield code="s">SCG 821.134.2(7/8) BOR rel</subfield></datafield></record></collection>